<record><leader>00000cas a22000007a 4500</leader><controlfield tag="001">10768050</controlfield><controlfield tag="008">840523u1853uuuunyuwr ne      0    0eng d</controlfield><datafield ind1=" " ind2=" " tag="010"><subfield code="a">sn 84031262 </subfield></datafield><datafield ind1=" " ind2=" " tag="040"><subfield code="a">NYG</subfield><subfield code="b">eng</subfield><subfield code="c">NYG</subfield><subfield code="d">NYS</subfield><subfield code="d">OCL</subfield><subfield code="d">OCLCF</subfield><subfield code="d">OCLCO</subfield></datafield><datafield ind1="1" ind2=" " tag="029"><subfield code="a">AU@</subfield><subfield code="b">000020232281</subfield></datafield><datafield ind1=" " ind2=" " tag="042"><subfield code="a">msc</subfield></datafield><datafield ind1="0" ind2="0" tag="245"><subfield code="a">Chittenango gazette.</subfield></datafield><datafield ind1=" " ind2=" " tag="260"><subfield code="a">Chittenango, N.Y. :</subfield><subfield code="b">George W. Walrath,</subfield><subfield code="c">1853-</subfield></datafield><datafield ind1=" " ind2=" " tag="300"><subfield code="a">v.</subfield></datafield><datafield ind1=" " ind2=" " tag="310"><subfield code="a">Weekly</subfield></datafield><datafield ind1="0" ind2=" " tag="362"><subfield code="a">Vol. 1, no. 35 (Dec. 17, 1853)-</subfield></datafield><datafield ind1=" " ind2=" " tag="500"><subfield code="a">Published on Saturdays.</subfield></datafield><datafield ind1=" " ind2=" " tag="530"><subfield code="a">Available on microfilm from Historians Microfilm Co.</subfield></datafield><datafield ind1=" " ind2=" " tag="500"><subfield code="a">Editor: 1853-    , G. W. Walrath.</subfield></datafield><datafield ind1=" " ind2="0" tag="651"><subfield code="a">Chittenango (N.Y.)</subfield><subfield code="v">Newspapers.</subfield></datafield><datafield ind1=" " ind2="7" tag="655"><subfield code="a">Newspapers.</subfield><subfield code="2">fast</subfield><subfield code="0">(OCoLC)fst01423814</subfield></datafield><datafield ind1=" " ind2="7" tag="651"><subfield code="a">New York (State)</subfield><subfield code="z">Chittenango.</subfield><subfield code="2">fast</subfield><subfield code="0">(OCoLC)fst01227072</subfield></datafield><datafield ind1=" " ind2=" " tag="752"><subfield code="a">United States</subfield><subfield code="b">New York</subfield><subfield code="c">Madison</subfield><subfield code="d">Chittenango.</subfield></datafield><datafield ind1="0" ind2="0" tag="780"><subfield code="t">Democratic gazette (Chittenango, N.Y.)</subfield><subfield code="w">(DLC)sn 84031261</subfield></datafield></record>